% TODO WRITER: add sources

@www{no_mans_sky,
	author = {hellogames},
	title = {No mans sky webpage},
	date = {todo},
	url = {https://www.nomanssky.com},
}

@www{skyrim,
	author = {bethesda},
	title = {skyrim webpage},
	date = {todo},
	url = {https://elderscrolls.bethesda.net/en/skyrim/},
}

@www{babylons_fall,
	author = {square-enix},
	title = {babylons fall webpage},
	date = {todo},
	url = {https://babylonsfall.square-enix-games.com/en-us/},
}

@www{godot_introduction,
	author = {Juan Linietsky, Ariel Manzur and the Godot community},
	title = {Introduction to Godot},
	date = {todo},
	url = {https://docs.godotengine.org/en/stable/about/introduction.html}
}

@www{pygame,
	author = {Pygame community},
	title = {Pygame github},
	date = {todo},
	url = {https://github.com/pygame/pygame/},
}

@webarticle{html_hypertext_markup_language,
	title = {HTML: HyperText Markup Language},
	url = {https://developer.mozilla.org/en-US/docs/Web/HTML},
	urlvisited = {2021-08-11},
	author = {{MDN contributors}},
	journal = {mdn}
}

@webarticle{hibernate_docs,
	author = {Vlad Mihalcea and Steve Ebersole and Andrea Boriero and Gunnar Morling and Gail Badner and Chris Cranford and Emmanuel Bernard and Sanne Grinovero and Brett Meyer and Hardy Ferentschik and Gavin King and Christian Bauer and Max Rydahl Andersen and Karel Maesen and Radim Vansa and Louis Jacomet},
	title = {Hibernate ORM 6.0.0.Final User Guide},
	url = {https://docs.jboss.org/hibernate/orm/6.0/userguide/html_single/Hibernate_User_Guide.html},
	urlvisited = {2022-04-15},
	journal = {Hibernate},
}

@book{ddd_quickly,
	author = {Abel Avran and Floyd Marinescu},
	title = {Domain-Driven Design Quickly},
	year = {2006}
}

@webarticle{vizualni_rovnovaha,
	author = {Lukáš Augusta},
	title = {Vizuální rovnováha v návrhu UI},
	urlvisited = {2022-04-09},
	journal = {Designui},
	url = {https://www.designui.cz/lekce/vizualni-rovnovaha-v-navrhu-ui}
}